@inproceedings{Example,
   author = "Someone",
   title = "Something",
   booktitle = "Some title",
   year = "2003",
   month = jun,
   pages = "359--366"
}

@inproceedings{Example2,
   author = "Someone",
   title = "Something",
   booktitle = "Some title",
   year = "2004",
   month = jun,
   pages = "359--366"
}



